<?xml version="1.0" encoding="UTF-8"?><collection xmlns="http://www.loc.gov/MARC21/slim"><record><leader>00461nam--2200157-i-4500</leader><controlfield tag="001">000001540</controlfield><controlfield tag="002">20161230</controlfield><controlfield tag="005">20170112001014</controlfield><controlfield tag="008">060222s1000------------r-----000-0-eng-d</controlfield><datafield ind1=" " ind2=" " tag="080"><subfield code="a">658.352(038)=00</subfield></datafield><datafield ind1=" " ind2=" " tag="245"><subfield code="a">Glosary of terms used in the management of quality. Fifth edition- June 1981</subfield></datafield><datafield ind1=" " ind2=" " tag="260"><subfield code="a">Berne</subfield><subfield code="b">European Organization For Quality Control</subfield><subfield code="c">1981</subfield></datafield><datafield ind1=" " ind2=" " tag="300"><subfield code="a">817 p</subfield></datafield><datafield ind1=" " ind2=" " tag="700"><subfield code="a">Liselotte, Wegner</subfield></datafield><datafield ind1=" " ind2=" " tag="852"><subfield code="a">D.561</subfield></datafield><datafield ind1=" " ind2=" " tag="CAT"><subfield code="a">SYS</subfield><subfield code="c">20170112</subfield><subfield code="h">001014</subfield></datafield></record></collection>